



@article {Mitchell1191,
	author = {Mitchell, Tom M. and Shinkareva, Svetlana V. and Carlson, Andrew and Chang, Kai-Min and Malave, Vicente L. and Mason, Robert A. and Just, Marcel Adam},
	title = {Predicting Human Brain Activity Associated with the Meanings of Nouns},
	volume = {320},
	number = {5880},
	pages = {1191--1195},
    journal = {Science},
	year = {2008},
	doi = {10.1126/science.1152876},
	publisher = {American Association for the Advancement of Science},
	issn = {0036-8075},
	URL = {http://science.sciencemag.org/content/320/5880/1191},
	eprint = {http://science.sciencemag.org/content/320/5880/1191.full.pdf},
}

@article{SUDRE2012451,
title = "Tracking neural coding of perceptual and semantic features of concrete nouns",
journal = "NeuroImage",
volume = "62",
number = "1",
pages = "451 - 463",
year = "2012",
issn = "1053-8119",
doi = "https://doi.org/10.1016/j.neuroimage.2012.04.048",
url = "http://www.sciencedirect.com/science/article/pii/S1053811912004442",
author = "Gustavo Sudre and Dean Pomerleau and Mark Palatucci and Leila Wehbe and Alona Fyshe and Riitta Salmelin and Tom Mitchell",
keywords = "Knowledge representation, Semantics, Language comprehension, Magnetoencephalography"
}

@inproceedings{MurphyEEG,
 author = {Murphy, Brian and Baroni, Marco and Poesio, Massimo},
 title = {EEG Responds to Conceptual Stimuli and Corpus Semantics},
 booktitle = {Proceedings of the 2009 Conference on Empirical Methods in Natural Language Processing: Volume 2 - Volume 2},
 series = {EMNLP '09},
 year = {2009},
 isbn = {978-1-932432-62-6},
 location = {Singapore},
 pages = {619--627},
 numpages = {9},
 url = {http://dl.acm.org/citation.cfm?id=1699571.1699594},
 acmid = {1699594},
 publisher = {Association for Computational Linguistics},
 address = {Stroudsburg, PA, USA},
}
@InProceedings{andersonBrainEyes,
  author = 	"Anderson, Andrew J.
		and Bruni, Elia
		and Bordignon, Ulisse
		and Poesio, Massimo
		and Baroni, Marco",
  title = 	"Of Words, Eyes and Brains: Correlating Image-Based Distributional Semantic Models with Neural Representations of Concepts",
  booktitle = 	"Proceedings of the 2013 Conference on Empirical Methods in Natural Language Processing",
  year = 	"2013",
  publisher = 	"Association for Computational Linguistics",
  pages = 	"1960--1970",
  location = 	"Seattle, Washington, USA",
  url = 	"http://www.aclweb.org/anthology/D13-1202"
}

@inproceedings{Murphy2012,
 author = {Murphy, Brian and Talukdar, Partha and Mitchell, Tom},
 title = {Selecting Corpus-semantic Models for Neurolinguistic Decoding},
 booktitle = {Proceedings of the First Joint Conference on Lexical and Computational Semantics - Volume 1: Proceedings of the Main Conference and the Shared Task, and Volume 2: Proceedings of the Sixth International Workshop on Semantic Evaluation},
 series = {SemEval '12},
 year = {2012},
 location = {Montr\Ã©al, Canada},
 pages = {114--123},
 numpages = {10},
 url = {http://dl.acm.org/citation.cfm?id=2387636.2387658},
 acmid = {2387658},
 publisher = {Association for Computational Linguistics},
 address = {Stroudsburg, PA, USA},
} 

@article{Anderson2015,
title = "Reading visually embodied meaning from the brain: Visually grounded computational models decode visual-object mental imagery induced by written text",
journal = "NeuroImage",
volume = "120",
pages = "309 - 322",
year = "2015",
issn = "1053-8119",
doi = "https://doi.org/10.1016/j.neuroimage.2015.06.093",
url = "http://www.sciencedirect.com/science/article/pii/S1053811915006345",
author = "Andrew James Anderson and Elia Bruni and Alessandro Lopopolo and Massimo Poesio and Marco Baroni",
keywords = "Concept representation, Embodiment, Mental imagery, Perceptual simulation, Language, Multimodal semantic models, Representational similarity"
}


@InProceedings{BrainBench2016,
author = {Haoyan Xu, Brian Murphy and Alona Fyshe},
title = {BrainBench: A Brain-Image Test Suite for
Distributional Semantic Models},
booktitle = {Proceedings of the 2016 Conference on Empirical Methods in 
Natural Language Processing (EMNLP)},
month = {November},
year = {2016},
address = {Austin, USA},
publisher = {Association for Computational Linguistics}
}





@article {VisualCortex1,
author = {Begleiter, Henri and Gross, Milton M. and Kissin, Benjamin},
title = {EVOKED CORTICAL RESPONSES TO AFFECTIVE VISUAL STIMULI},
journal = {Psychophysiology},
volume = {3},
number = {4},
publisher = {Blackwell Publishing Ltd},
issn = {1469-8986},
url = {http://dx.doi.org/10.1111/j.1469-8986.1967.tb02717.x},
doi = {10.1111/j.1469-8986.1967.tb02717.x},
pages = {336--344},
keywords = {Visual evoked potentials, Affect, Semantic conditioning, Critical flicker interval},
year = {1967},
}



@article {Hubel992,
author = {Hubel, D. H. and Wiesel, T. N.},
title = {Receptive fields, binocular interaction and functional architecture in the cat's visual cortex},
journal = {The Journal of Physiology},
volume = {160},
number = {1},
issn = {1469-7793},
url = {http://dx.doi.org/10.1113/jphysiol.1962.sp006837},
doi = {10.1113/jphysiol.1962.sp006837},
pages = {106--154},
year = {1962},
}

@article{CNNREF1,
  author    = {Ben Athiwaratkun and
               Keegan Kang},
  title     = {Feature Representation in Convolutional Neural Networks},
  journal   = {CoRR},
  volume    = {abs/1507.02313},
  year      = {2015},
  url       = {http://arxiv.org/abs/1507.02313},
  archivePrefix = {arXiv},
  eprint    = {1507.02313},
  timestamp = {Wed, 07 Jun 2017 14:41:31 +0200},
  biburl    = {https://dblp.org/rec/bib/journals/corr/AthiwaratkunK15},
  bibsource = {dblp computer science bibliography, https://dblp.org}
}

@article{CNNREF2,
 author = {Mahendran, Aravindh and Vedaldi, Andrea},
 title = {Visualizing Deep Convolutional Neural Networks Using Natural Pre-images},
 journal = {Int. J. Comput. Vision},
 issue_date = {December  2016},
 volume = {120},
 number = {3},
 month = dec,
 year = {2016},
 issn = {0920-5691},
 pages = {233--255},
 numpages = {23},
 url = {http://dx.doi.org/10.1007/s11263-016-0911-8},
 doi = {10.1007/s11263-016-0911-8},
 acmid = {2995953},
 publisher = {Kluwer Academic Publishers},
 address = {Hingham, MA, USA},
 keywords = {Convolutional neural networks, Pre-image problem, Visualization},
} 
@article{Csurka2004,
  __markedentry = {[Mozaher]},
  added-at = {2009-09-12T19:19:34.000+0200},
  author = {Csurka, G. and Bray, C. and Dance, C. and Fan, L.},
  biburl = {https://www.bibsonomy.org/bibtex/2b36f6c0853c91c7961c6caafecd838c6/mozaher},
  interhash = {f2feb0c8b5f8af23a13486117ea7d89e},
  intrahash = {b36f6c0853c91c7961c6caafecd838c6},
  journal = {Workshop on Statistical Learning in Computer Vision, ECCV},
  keywords = {imported},
 pages = {1--22},
  timestamp = {2009-09-12T19:19:38.000+0200},
  title = {Visual categorization with bags of keypoints},
  year = 2004
}

@inproceedings{SivicREZF05,
  added-at = {2016-05-12T00:00:00.000+0200},
  author = {Sivic, Josef and Russell, Bryan C. and Efros, Alexei A. and Zisserman, Andrew and Freeman, William T.},
  biburl = {https://www.bibsonomy.org/bibtex/27f1bc29d292f319b1faca4aba3080f99/dblp},
  booktitle = {ICCV},
  crossref = {conf/iccv/2005},
  ee = {http://doi.ieeecomputersociety.org/10.1109/ICCV.2005.77},
  interhash = {9c6a7512368719f2e4270ebcb8231384},
  intrahash = {7f1bc29d292f319b1faca4aba3080f99},
  isbn = {0-7695-2334-X},
  keywords = {dblp},
  pages = {370-377},
  publisher = {IEEE Computer Society},
  timestamp = {2016-05-13T12:17:00.000+0200},
  title = {Discovering Objects and their Localization in Images.},
  url = {http://dblp.uni-trier.de/db/conf/iccv/iccv2005-1.html#SivicREZF05},
  year = 2005
}

@article{FukushimaM82,
  author    = {Kunihiko Fukushima and
               Sei Miyake},
  title     = {Neocognitron: {A} new algorithm for pattern recognition tolerant of
               deformations and shifts in position},
  journal   = {Pattern Recognition},
  volume    = {15},
  number    = {6},
  pages     = {455--469},
  year      = {1982},
  url       = {https://doi.org/10.1016/0031-3203(82)90024-3},
  doi       = {10.1016/0031-3203(82)90024-3},
  timestamp = {Thu, 18 May 2017 09:54:35 +0200},
  biburl    = {https://dblp.org/rec/bib/journals/pr/FukushimaM82},
  bibsource = {dblp computer science bibliography, https://dblp.org}
}


@inproceedings{LeNet1989,
  author    = {Yann LeCun and
               Bernhard E. Boser and
               John S. Denker and
               Donnie Henderson and
               Richard E. Howard and
               Wayne E. Hubbard and
               Lawrence D. Jackel},
  title     = {Handwritten Digit Recognition with a Back-Propagation Network},
  booktitle = {Advances in Neural Information Processing Systems 2, {[NIPS} Conference,
               Denver, Colorado, USA, November 27-30, 1989]},
  pages     = {396--404},
  year      = {1989},
  crossref  = {DBLP:conf/nips/1989},
  url       = {http://papers.nips.cc/paper/293-handwritten-digit-recognition-with-a-back-propagation-network},
  timestamp = {Thu, 08 Jun 2017 15:46:30 +0200},
  biburl    = {https://dblp.org/rec/bib/conf/nips/CunBDHHHJ89},
  bibsource = {dblp computer science bibliography, https://dblp.org}
}

@inproceedings{ImageNet2009,
  author    = {Jia Deng and
               Wei Dong and
               Richard Socher and
               Li{-}Jia Li and
               Kai Li and
               Fei{-}Fei Li},
  title     = {ImageNet: {A} large-scale hierarchical image database},
  booktitle = {2009 {IEEE} Computer Society Conference on Computer Vision and Pattern
               Recognition {(CVPR} 2009), 20-25 June 2009, Miami, Florida, {USA}},
  pages     = {248--255},
  year      = {2009},
  crossref  = {DBLP:conf/cvpr/2009},
  url       = {https://doi.org/10.1109/CVPRW.2009.5206848},
  doi       = {10.1109/CVPRW.2009.5206848},
  timestamp = {Mon, 23 Oct 2017 06:50:40 +0200},
  biburl    = {https://dblp.org/rec/bib/conf/cvpr/DengDSLL009},
  bibsource = {dblp computer science bibliography, https://dblp.org}
}

@article{ImageNETChallenge,
 author = {Russakovsky, Olga and Deng, Jia and Su, Hao and Krause, Jonathan and Satheesh, Sanjeev and Ma, Sean and Huang, Zhiheng and Karpathy, Andrej and Khosla, Aditya and Bernstein, Michael and Berg, Alexander C. and Fei-Fei, Li},
 title = {ImageNet Large Scale Visual Recognition Challenge},
 journal = {Int. J. Comput. Vision},
 issue_date = {December  2015},
 volume = {115},
 number = {3},
 month = dec,
 year = {2015},
 issn = {0920-5691},
 pages = {211--252},
 numpages = {42},
 url = {http://dx.doi.org/10.1007/s11263-015-0816-y},
 doi = {10.1007/s11263-015-0816-y},
 acmid = {2846559},
 publisher = {Kluwer Academic Publishers},
 address = {Hingham, MA, USA},
 keywords = {Benchmark, Dataset, Large-scale, Object detection, Object recognition},
} 

@inproceedings{Alexnet2012,
  author    = {Alex Krizhevsky and
               Ilya Sutskever and
               Geoffrey E. Hinton},
  title     = {ImageNet Classification with Deep Convolutional Neural Networks},
  booktitle = {Advances in Neural Information Processing Systems 25: 26th Annual
               Conference on Neural Information Processing Systems 2012. Proceedings
               of a meeting held December 3-6, 2012, Lake Tahoe, Nevada, United States.},
  pages     = {1106--1114},
  year      = {2012},
  crossref  = {DBLP:conf/nips/2012},
  url       = {http://papers.nips.cc/paper/4824-imagenet-classification-with-deep-convolutional-neural-networks},
  timestamp = {Thu, 11 Dec 2014 17:34:07 +0100},
  biburl    = {https://dblp.org/rec/bib/conf/nips/KrizhevskySH12},
  bibsource = {dblp computer science bibliography, https://dblp.org}
}
@InProceedings{CNNVisual1,
author="Zeiler, Matthew D.
and Fergus, Rob",
editor="Fleet, David
and Pajdla, Tomas
and Schiele, Bernt
and Tuytelaars, Tinne",
title="Visualizing and Understanding Convolutional Networks",
booktitle="Computer Vision -- ECCV 2014",
year="2014",
publisher="Springer International Publishing",
address="Cham",
pages="818--833",
isbn="978-3-319-10590-1"
}


@article{CNNVisual2,
  author    = {Jason Yosinski and
               Jeff Clune and
               Anh Mai Nguyen and
               Thomas J. Fuchs and
               Hod Lipson},
  title     = {Understanding Neural Networks Through Deep Visualization},
  journal   = {CoRR},
  volume    = {abs/1506.06579},
  year      = {2015},
  url       = {http://arxiv.org/abs/1506.06579},
  archivePrefix = {arXiv},
  eprint    = {1506.06579},
  timestamp = {Wed, 07 Jun 2017 14:41:50 +0200},
  biburl    = {https://dblp.org/rec/bib/journals/corr/YosinskiCNFL15},
  bibsource = {dblp computer science bibliography, https://dblp.org}
}

@inproceedings{CNNVisual3,
  author    = {Arjun Punjabi and
               Aggelos K. Katsaggelos},
  title     = {Visualization of feature evolution during convolutional neural network
               training},
  booktitle = {25th European Signal Processing Conference, {EUSIPCO} 2017, Kos, Greece,
               August 28 - September 2, 2017},
  pages     = {311--315},
  year      = {2017},
  crossref  = {DBLP:conf/eusipco/2017},
  url       = {https://doi.org/10.23919/EUSIPCO.2017.8081219},
  doi       = {10.23919/EUSIPCO.2017.8081219},
  timestamp = {Mon, 06 Nov 2017 08:43:19 +0100},
  biburl    = {https://dblp.org/rec/bib/conf/eusipco/PunjabiK17},
  bibsource = {dblp computer science bibliography, https://dblp.org}
}

@article {CNNVisual4,
	author = {Mallat, St{\'e}phane},
	title = {Understanding deep convolutional networks},
	volume = {374},
	number = {2065},
	year = {2016},
	doi = {10.1098/rsta.2015.0203},
	publisher = {The Royal Society},
	issn = {1364-503X},
	URL = {http://rsta.royalsocietypublishing.org/content/374/2065/20150203},
	eprint = {http://rsta.royalsocietypublishing.org/content/374/2065/20150203.full.pdf},
	journal = {Philosophical Transactions of the Royal Society of London A: Mathematical, Physical and Engineering Sciences}
}


@Article{RSA,
AUTHOR = {	Kriegeskorte, N and 	Mur, M and 	Bandettini, P	},
TITLE = {Representational similarity analysis - connecting the branches of systems neuroscience.},
JOURNAL = {Frontiers in Systems Neuroscience},
VOLUME = {2},
YEAR = {2008-11-24 00:00:00.0},
NUMBER = {5},
PAGES = {4},
DOI = {10.3389/neuro.06.004.2008},
ISSN = {1662-5137},
}

@article{Andrew2vs2,
  author    = {Andrew J. Anderson and
               Benjamin Zinszer and
               Rajeev D. S. Raizada},
  title     = {Representational similarity encoding for fMRI: Pattern-based synthesis
               to predict brain activity using stimulus-model-similarities},
  journal   = {NeuroImage},
  volume    = {128},
  pages     = {44--53},
  year      = {2016},
  url       = {https://doi.org/10.1016/j.neuroimage.2015.12.035},
  doi       = {10.1016/j.neuroimage.2015.12.035},
  timestamp = {Sat, 27 May 2017 14:25:29 +0200},
  biburl    = {https://dblp.org/rec/bib/journals/neuroimage/AndersonZR16},
  bibsource = {dblp computer science bibliography, https://dblp.org}
}

@article{Word2Vec,
  author    = {Tomas Mikolov and
               Kai Chen and
               Greg Corrado and
               Jeffrey Dean},
  title     = {Efficient Estimation of Word Representations in Vector Space},
  journal   = {CoRR},
  volume    = {abs/1301.3781},
  year      = {2013},
  url       = {http://arxiv.org/abs/1301.3781},
  archivePrefix = {arXiv},
  eprint    = {1301.3781},
  timestamp = {Wed, 07 Jun 2017 14:42:25 +0200},
  biburl    = {https://dblp.org/rec/bib/journals/corr/abs-1301-3781},
  bibsource = {dblp computer science bibliography, https://dblp.org}
}

@inproceedings{Glove,
  author    = {Jeffrey Pennington and
               Richard Socher and
               Christopher D. Manning},
  title     = {Glove: Global Vectors for Word Representation},
  booktitle = {Proceedings of the 2014 Conference on Empirical Methods in Natural
               Language Processing, {EMNLP} 2014, October 25-29, 2014, Doha, Qatar,
               {A} meeting of SIGDAT, a Special Interest Group of the {ACL}},
  pages     = {1532--1543},
  year      = {2014},
  crossref  = {DBLP:conf/emnlp/2014},
  url       = {http://aclweb.org/anthology/D/D14/D14-1162.pdf},
  timestamp = {Sat, 15 Nov 2014 14:45:18 +0100},
  biburl    = {https://dblp.org/rec/bib/conf/emnlp/PenningtonSM14},
  bibsource = {dblp computer science bibliography, https://dblp.org}
}

@inproceedings{GlobalContext,
  author    = {Eric H. Huang and
               Richard Socher and
               Christopher D. Manning and
               Andrew Y. Ng},
  title     = {Improving Word Representations via Global Context and Multiple Word
               Prototypes},
  booktitle = {The 50th Annual Meeting of the Association for Computational Linguistics,
               Proceedings of the Conference, July 8-14, 2012, Jeju Island, Korea
               - Volume 1: Long Papers},
  pages     = {873--882},
  year      = {2012},
  crossref  = {DBLP:conf/acl/2012-1},
  url       = {http://www.aclweb.org/anthology/P12-1092},
  timestamp = {Wed, 15 Aug 2012 09:10:24 +0200},
  biburl    = {https://dblp.org/rec/bib/conf/acl/HuangSMN12},
  bibsource = {dblp computer science bibliography, https://dblp.org}
}

@inproceedings{Crosslingual,
  author    = {Manaal Faruqui and
               Chris Dyer},
  title     = {Improving Vector Space Word Representations Using Multilingual Correlation},
  booktitle = {Proceedings of the 14th Conference of the European Chapter of the
               Association for Computational Linguistics, {EACL} 2014, April 26-30,
               2014, Gothenburg, Sweden},
  pages     = {462--471},
  year      = {2014},
  crossref  = {DBLP:conf/eacl/2014},
  url       = {http://aclweb.org/anthology/E/E14/E14-1049.pdf},
  timestamp = {Thu, 17 Aug 2017 17:55:38 +0200},
  biburl    = {https://dblp.org/rec/bib/conf/eacl/FaruquiD14},
  bibsource = {dblp computer science bibliography, https://dblp.org}
}

@inproceedings{RNN,
  author    = {Tomas Mikolov and
               Martin Karafi{\'{a}}t and
               Luk{\'{a}}s Burget and
               Jan Cernock{\'{y}} and
               Sanjeev Khudanpur},
  title     = {Recurrent neural network based language model},
  booktitle = {{INTERSPEECH} 2010, 11th Annual Conference of the International Speech
               Communication Association, Makuhari, Chiba, Japan, September 26-30,
               2010},
  pages     = {1045--1048},
  year      = {2010},
  crossref  = {DBLP:conf/interspeech/2010},
  url       = {http://www.isca-speech.org/archive/interspeech_2010/i10_1045.html},
  timestamp = {Thu, 24 Aug 2017 11:26:53 +0200},
  biburl    = {https://dblp.org/rec/bib/conf/interspeech/MikolovKBCK10},
  bibsource = {dblp computer science bibliography, https://dblp.org}
}

@inproceedings{NonDist,
  author    = {Manaal Faruqui and
               Chris Dyer},
  title     = {Non-distributional Word Vector Representations},
  booktitle = {Proceedings of the 53rd Annual Meeting of the Association for Computational
               Linguistics and the 7th International Joint Conference on Natural
               Language Processing of the Asian Federation of Natural Language Processing,
               {ACL} 2015, July 26-31, 2015, Beijing, China, Volume 2: Short Papers},
  pages     = {464--469},
  year      = {2015},
  crossref  = {DBLP:conf/acl/2015-2},
  url       = {http://aclweb.org/anthology/P/P15/P15-2076.pdf},
  timestamp = {Sun, 02 Aug 2015 19:49:03 +0200},
  biburl    = {https://dblp.org/rec/bib/conf/acl/FaruquiD15},
  bibsource = {dblp computer science bibliography, https://dblp.org}
}
@article{Barca2002WordNT,
author={Laura Barca and Cristina Burani and Lisa Saskia Arduino},
title={Word naming times and psycholinguistic norms for Italian nouns.},
year={2002},
journal={Behavior research methods, instruments, and computers: a journal of the Psychonomic Society, Inc},
volume={34 3},
pages={424-34}
}

@inproceedings{ItalianWordNet,
  added-at = {2010-10-28T18:34:21.000+0200},
  author = {Pianta, Emanuele and Bentivogli, Luisa and Girardi, Christian},
  biburl = {https://www.bibsonomy.org/bibtex/2d2852dfc5b1159e5b0094abdd75672e5/murad415},
  booktitle = {Proceedings of the First International Conference on Global WordNet},
  interhash = {8792e64eb10c6945304ccf58210b0da8},
  intrahash = {d2852dfc5b1159e5b0094abdd75672e5},
  keywords = {aligned database developing eurowordnet multilingual multiwordnet wordnet},
  month = {January},
  timestamp = {2010-10-28T18:34:21.000+0200},
  title = {MultiWordNet: developing an aligned multilingual database},
  url = {http://multiwordnet.fbk.eu/paper/MWN-India-published.pdf},
  year = 2002
}
@Article{wordnet,
author="Fellbaum, Christiane",
title="A Semantic Network of English: The Mother of All WordNets",
journal="Computers and the Humanities",
year="1998",
month="Mar",
day="01",
volume="32",
number="2",
pages="209--220",
issn="1572-8412",
doi="10.1023/A:1001181927857",
url="https://doi.org/10.1023/A:1001181927857"
}

@inproceedings{FrameNet,
  author    = {Collin F. Baker and
               Charles J. Fillmore and
               John B. Lowe},
  title     = {The Berkeley FrameNet Project},
  booktitle = {36th Annual Meeting of the Association for Computational Linguistics
               and 17th International Conference on Computational Linguistics, {COLING-ACL}
               '98, August 10-14, 1998, Universit{\'{e}} de Montr{\'{e}}al,
               Montr{\'{e}}al, Quebec, Canada. Proceedings of the Conference.},
  pages     = {86--90},
  year      = {1998},
  crossref  = {DBLP:conf/acl/1998},
  url       = {http://aclweb.org/anthology/P/P98/P98-1013.pdf},
  timestamp = {Thu, 17 Aug 2017 17:55:41 +0200},
  biburl    = {https://dblp.org/rec/bib/conf/acl/BakerFL98},
  bibsource = {dblp computer science bibliography, https://dblp.org}
}
@article{AndersonConcreteness,
  author    = {Andrew J. Anderson and
               Brian Murphy and
               Massimo Poesio},
  title     = {Discriminating Taxonomic Categories and Domains in Mental Simulations
               of Concepts of Varying Concreteness},
  journal   = {J. Cognitive Neuroscience},
  volume    = {26},
  number    = {3},
  pages     = {658--681},
  year      = {2014},
  url       = {https://doi.org/10.1162/jocn_a_00508},
  doi       = {10.1162/jocn_a_00508},
  timestamp = {Sat, 27 May 2017 14:23:43 +0200},
  biburl    = {https://dblp.org/rec/bib/journals/jocn/AndersonMP14},
  bibsource = {dblp computer science bibliography, https://dblp.org}
}


@article{EEGLAB,
title = "EEGLAB: an open source toolbox for analysis of single-trial EEG dynamics including independent component analysis",
journal = "Journal of Neuroscience Methods",
volume = "134",
number = "1",
pages = "9 - 21",
year = "2004",
issn = "0165-0270",
doi = "https://doi.org/10.1016/j.jneumeth.2003.10.009",
url = "http://www.sciencedirect.com/science/article/pii/S0165027003003479",
author = "Arnaud Delorme and Scott Makeig",
keywords = "EEG, ICA, ERP, Spectral decomposition, Single-trial, Matlab, Software"
}


@inproceedings{ICA,
  author    = {Scott Makeig and
               Anthony J. Bell and
               Tzyy{-}Ping Jung and
               Terrence J. Sejnowski},
  title     = {Independent Component Analysis of Electroencephalographic Data},
  booktitle = {Advances in Neural Information Processing Systems 8, NIPS, Denver,
               CO, November 27-30, 1995},
  pages     = {145--151},
  year      = {1995},
  crossref  = {DBLP:conf/nips/1995},
  url       = {http://papers.nips.cc/paper/1091-independent-component-analysis-of-electroencephalographic-data},
  timestamp = {Thu, 11 Dec 2014 17:34:08 +0100},
  biburl    = {https://dblp.org/rec/bib/conf/nips/MakeigBJS95},
  bibsource = {dblp computer science bibliography, https://dblp.org}
}

@article{SSP,
  title={Signal-space projection method for separating MEG or EEG into components},
  author={M. A. Uusitalo and R. J. Ilmoniemi},
  journal={Medical and Biological Engineering and Computing},
  year={1997},
  volume={35},
  pages={135-140}
}

@article{SSS,
author = {Samu Taulu and Matti Kajola},
title = {Presentation of electromagnetic multichannel data: The signal space separation method},
journal = {Journal of Applied Physics},
volume = {97},
number = {12},
pages = {124905},
year = {2005},
doi = {10.1063/1.1935742},

URL = { 
        https://doi.org/10.1063/1.1935742
    
},
eprint = { 
        https://doi.org/10.1063/1.1935742
    }
}

@misc{chollet2015keras,
  title={Keras},
  author={Chollet, Fran\c{c}ois and others},
  year={2015},
  publisher={GitHub},
  howpublished={{https://github.com/keras-team/keras}},
}

@article{BH,
    author = {Benjamini, Yoav and Hochberg, Yosef},
    citeulike-article-id = {1042553},
    citeulike-linkout-0 = {http://dx.doi.org/10.2307/2346101},
    citeulike-linkout-1 = {http://www.jstor.org/stable/2346101},
    doi = {10.2307/2346101},
    issn = {00359246},
    journal = {Journal of the Royal Statistical Society. Series B (Methodological)},
    keywords = {multiple-testing, significance},
    number = {1},
    pages = {289--300},
    posted-at = {2007-02-12 20:49:34},
    priority = {2},
    publisher = {Blackwell Publishing for the Royal Statistical Society},
    title = {{Controlling the False Discovery Rate: A Practical and Powerful Approach to Multiple Testing}},
    url = {http://dx.doi.org/10.2307/2346101},
    volume = {57},
    year = {1995}
}



@article{VGG16,
  author    = {Karen Simonyan and
               Andrew Zisserman},
  title     = {Very Deep Convolutional Networks for Large-Scale Image Recognition},
  journal   = {CoRR},
  volume    = {abs/1409.1556},
  year      = {2014},
  url       = {http://arxiv.org/abs/1409.1556},
  archivePrefix = {arXiv},
  eprint    = {1409.1556},
  timestamp = {Wed, 07 Jun 2017 14:41:51 +0200},
  biburl    = {https://dblp.org/rec/bib/journals/corr/SimonyanZ14a},
  bibsource = {dblp computer science bibliography, https://dblp.org}
}


@article{GoogleNet,
  author    = {Christian Szegedy and
               Wei Liu and
               Yangqing Jia and
               Pierre Sermanet and
               Scott E. Reed and
               Dragomir Anguelov and
               Dumitru Erhan and
               Vincent Vanhoucke and
               Andrew Rabinovich},
  title     = {Going Deeper with Convolutions},
  journal   = {CoRR},
  volume    = {abs/1409.4842},
  year      = {2014},
  url       = {http://arxiv.org/abs/1409.4842},
  archivePrefix = {arXiv},
  eprint    = {1409.4842},
  timestamp = {Wed, 07 Jun 2017 14:40:42 +0200},
  biburl    = {https://dblp.org/rec/bib/journals/corr/SzegedyLJSRAEVR14},
  bibsource = {dblp computer science bibliography, https://dblp.org}
}


@article{ZFNET,
  author    = {Matthew D. Zeiler and
               Rob Fergus},
  title     = {Visualizing and Understanding Convolutional Networks},
  journal   = {CoRR},
  volume    = {abs/1311.2901},
  year      = {2013},
  url       = {http://arxiv.org/abs/1311.2901},
  archivePrefix = {arXiv},
  eprint    = {1311.2901},
  timestamp = {Wed, 07 Jun 2017 14:40:45 +0200},
  biburl    = {https://dblp.org/rec/bib/journals/corr/ZeilerF13},
  bibsource = {dblp computer science bibliography, https://dblp.org}
}


@article{Inception-v3,
  author    = {Christian Szegedy and
               Vincent Vanhoucke and
               Sergey Ioffe and
               Jonathon Shlens and
               Zbigniew Wojna},
  title     = {Rethinking the Inception Architecture for Computer Vision},
  journal   = {CoRR},
  volume    = {abs/1512.00567},
  year      = {2015},
  url       = {http://arxiv.org/abs/1512.00567},
  archivePrefix = {arXiv},
  eprint    = {1512.00567},
  timestamp = {Wed, 07 Jun 2017 14:40:22 +0200},
  biburl    = {https://dblp.org/rec/bib/journals/corr/SzegedyVISW15},
  bibsource = {dblp computer science bibliography, https://dblp.org}
}

@article{NIN,
  author    = {Min Lin and
               Qiang Chen and
               Shuicheng Yan},
  title     = {Network In Network},
  journal   = {CoRR},
  volume    = {abs/1312.4400},
  year      = {2013},
  url       = {http://arxiv.org/abs/1312.4400},
  archivePrefix = {arXiv},
  eprint    = {1312.4400},
  timestamp = {Thu, 08 Mar 2018 00:36:29 +0100},
  biburl    = {https://dblp.org/rec/bib/journals/corr/LinCY13},
  bibsource = {dblp computer science bibliography, https://dblp.org}
}


@inproceedings{ReLu,
 author = {Nair, Vinod and Hinton, Geoffrey E.},
 title = {Rectified Linear Units Improve Restricted Boltzmann Machines},
 booktitle = {Proceedings of the 27th International Conference on International Conference on Machine Learning},
 series = {ICML'10},
 year = {2010},
 isbn = {978-1-60558-907-7},
 location = {Haifa, Israel},
 pages = {807--814},
 numpages = {8},
 url = {http://dl.acm.org/citation.cfm?id=3104322.3104425},
 acmid = {3104425},
 publisher = {Omnipress},
 address = {USA},
} 

@inproceedings{BatchNormalization,
 author = {Ioffe, Sergey and Szegedy, Christian},
 title = {Batch Normalization: Accelerating Deep Network Training by Reducing Internal Covariate Shift},
 booktitle = {Proceedings of the 32Nd International Conference on International Conference on Machine Learning - Volume 37},
 series = {ICML'15},
 year = {2015},
 location = {Lille, France},
 pages = {448--456},
 numpages = {9},
 url = {http://dl.acm.org/citation.cfm?id=3045118.3045167},
 acmid = {3045167},
 publisher = {JMLR.org},
} 

@article{ResNet,
  author    = {Kaiming He and
               Xiangyu Zhang and
               Shaoqing Ren and
               Jian Sun},
  title     = {Deep Residual Learning for Image Recognition},
  journal   = {CoRR},
  volume    = {abs/1512.03385},
  year      = {2015},
  url       = {http://arxiv.org/abs/1512.03385},
  archivePrefix = {arXiv},
  eprint    = {1512.03385},
  timestamp = {Wed, 07 Jun 2017 14:41:17 +0200},
  biburl    = {https://dblp.org/rec/bib/journals/corr/HeZRS15},
  bibsource = {dblp computer science bibliography, https://dblp.org}
}

@article{DropOut,
  author    = {Geoffrey E. Hinton and
               Nitish Srivastava and
               Alex Krizhevsky and
               Ilya Sutskever and
               Ruslan Salakhutdinov},
  title     = {Improving neural networks by preventing co-adaptation of feature detectors},
  journal   = {CoRR},
  volume    = {abs/1207.0580},
  year      = {2012},
  url       = {http://arxiv.org/abs/1207.0580},
  archivePrefix = {arXiv},
  eprint    = {1207.0580},
  timestamp = {Wed, 07 Jun 2017 14:40:12 +0200},
  biburl    = {https://dblp.org/rec/bib/journals/corr/abs-1207-0580},
  bibsource = {dblp computer science bibliography, https://dblp.org}
}

@article{DropOutArticle,
 author = {Srivastava, Nitish and Hinton, Geoffrey and Krizhevsky, Alex and Sutskever, Ilya and Salakhutdinov, Ruslan},
 title = {Dropout: A Simple Way to Prevent Neural Networks from Overfitting},
 journal = {J. Mach. Learn. Res.},
 issue_date = {January 2014},
 volume = {15},
 number = {1},
 month = jan,
 year = {2014},
 issn = {1532-4435},
 pages = {1929--1958},
 numpages = {30},
 url = {http://dl.acm.org/citation.cfm?id=2627435.2670313},
 acmid = {2670313},
 publisher = {JMLR.org},
 keywords = {deep learning, model combination, neural networks, regularization},
} 

@article{ADAM,
  author    = {Diederik P. Kingma and
               Jimmy Ba},
  title     = {Adam: {A} Method for Stochastic Optimization},
  journal   = {CoRR},
  volume    = {abs/1412.6980},
  year      = {2014},
  url       = {http://arxiv.org/abs/1412.6980},
  archivePrefix = {arXiv},
  eprint    = {1412.6980},
  timestamp = {Wed, 07 Jun 2017 14:40:52 +0200},
  biburl    = {https://dblp.org/rec/bib/journals/corr/KingmaB14},
  bibsource = {dblp computer science bibliography, https://dblp.org}
}


@article{Adagrad,
  added-at = {2017-12-30T09:55:39.000+0100},
  author = {Duchi, John and Hazan, Elad and Singer, Yoram},
  biburl = {https://www.bibsonomy.org/bibtex/2f548fa2a3cb4881b968ec3a06dd8c49c/leerooy},
  interhash = {d2bb1dcfcc9549a93e0b1f0dd8d23cf9},
  intrahash = {f548fa2a3cb4881b968ec3a06dd8c49c},
  journal = {Journal of Machine Learning Research},
  keywords = {},
  number = {Jul},
  pages = {2121--2159},
  timestamp = {2017-12-30T09:55:39.000+0100},
  title = {Adaptive subgradient methods for online learning and stochastic optimization},
  volume = 12,
  year = 2011
}

  @article{HighWayNet,
  author    = {Rupesh Kumar Srivastava and
               Klaus Greff and
               J{\"{u}}rgen Schmidhuber},
  title     = {Training Very Deep Networks},
  journal   = {CoRR},
  volume    = {abs/1507.06228},
  year      = {2015},
  url       = {http://arxiv.org/abs/1507.06228},
  archivePrefix = {arXiv},
  eprint    = {1507.06228},
  timestamp = {Wed, 07 Jun 2017 14:41:43 +0200},
  biburl    = {https://dblp.org/rec/bib/journals/corr/SrivastavaGS15a},
  bibsource = {dblp computer science bibliography, https://dblp.org}
}


@article{ResNext,
  author    = {Saining Xie and
               Ross B. Girshick and
               Piotr Doll{\'{a}}r and
               Zhuowen Tu and
               Kaiming He},
  title     = {Aggregated Residual Transformations for Deep Neural Networks},
  journal   = {CoRR},
  volume    = {abs/1611.05431},
  year      = {2016},
  url       = {http://arxiv.org/abs/1611.05431},
  archivePrefix = {arXiv},
  eprint    = {1611.05431},
  timestamp = {Wed, 07 Jun 2017 14:41:38 +0200},
  biburl    = {https://dblp.org/rec/bib/journals/corr/XieGDTH16},
  bibsource = {dblp computer science bibliography, https://dblp.org}
}

@article{SqueezeNet,
  author    = {Forrest N. Iandola and
               Matthew W. Moskewicz and
               Khalid Ashraf and
               Song Han and
               William J. Dally and
               Kurt Keutzer},
  title     = {SqueezeNet: AlexNet-level accuracy with 50x fewer parameters and {\textless}1MB
               model size},
  journal   = {CoRR},
  volume    = {abs/1602.07360},
  year      = {2016},
  url       = {http://arxiv.org/abs/1602.07360},
  archivePrefix = {arXiv},
  eprint    = {1602.07360},
  timestamp = {Wed, 07 Jun 2017 14:42:50 +0200},
  biburl    = {https://dblp.org/rec/bib/journals/corr/IandolaMAHDK16},
  bibsource = {dblp computer science bibliography, https://dblp.org}
}

@article{MobileNets,
  author    = {Andrew G. Howard and
               Menglong Zhu and
               Bo Chen and
               Dmitry Kalenichenko and
               Weijun Wang and
               Tobias Weyand and
               Marco Andreetto and
               Hartwig Adam},
  title     = {MobileNets: Efficient Convolutional Neural Networks for Mobile Vision
               Applications},
  journal   = {CoRR},
  volume    = {abs/1704.04861},
  year      = {2017},
  url       = {http://arxiv.org/abs/1704.04861},
  archivePrefix = {arXiv},
  eprint    = {1704.04861},
  timestamp = {Wed, 07 Jun 2017 14:40:11 +0200},
  biburl    = {https://dblp.org/rec/bib/journals/corr/HowardZCKWWAA17},
  bibsource = {dblp computer science bibliography, https://dblp.org}
}

@inproceedings{Fast-RCNN,
  author    = {Ross B. Girshick},
  title     = {Fast {R-CNN}},
  booktitle = {2015 {IEEE} International Conference on Computer Vision, {ICCV} 2015,
               Santiago, Chile, December 7-13, 2015},
  pages     = {1440--1448},
  year      = {2015},
  crossref  = {DBLP:conf/iccv/2015},
  url       = {https://doi.org/10.1109/ICCV.2015.169},
  doi       = {10.1109/ICCV.2015.169},
  timestamp = {Wed, 24 May 2017 08:31:04 +0200},
  biburl    = {https://dblp.org/rec/bib/conf/iccv/Girshick15},
  bibsource = {dblp computer science bibliography, https://dblp.org}
}

@inproceedings{Faster-RCNN,
  author    = {Shaoqing Ren and
               Kaiming He and
               Ross B. Girshick and
               Jian Sun},
  title     = {Faster {R-CNN:} Towards Real-Time Object Detection with Region Proposal
               Networks},
  booktitle = {Advances in Neural Information Processing Systems 28: Annual Conference
               on Neural Information Processing Systems 2015, December 7-12, 2015,
               Montreal, Quebec, Canada},
  pages     = {91--99},
  year      = {2015},
  crossref  = {DBLP:conf/nips/2015},
  url       = {http://papers.nips.cc/paper/5638-faster-r-cnn-towards-real-time-object-detection-with-region-proposal-networks},
  timestamp = {Fri, 08 Apr 2016 19:32:53 +0200},
  biburl    = {https://dblp.org/rec/bib/conf/nips/RenHGS15},
  bibsource = {dblp computer science bibliography, https://dblp.org}
}

@article{RCNN,
  author    = {Georgia Gkioxari and
               Bharath Hariharan and
               Ross B. Girshick and
               Jitendra Malik},
  title     = {R-CNNs for Pose Estimation and Action Detection},
  journal   = {CoRR},
  volume    = {abs/1406.5212},
  year      = {2014},
  url       = {http://arxiv.org/abs/1406.5212},
  archivePrefix = {arXiv},
  eprint    = {1406.5212},
  timestamp = {Wed, 07 Jun 2017 14:40:42 +0200},
  biburl    = {https://dblp.org/rec/bib/journals/corr/GkioxariHGM14},
  bibsource = {dblp computer science bibliography, https://dblp.org}
}

@inproceedings{YOLO,
  author    = {Joseph Redmon and
               Santosh Kumar Divvala and
               Ross B. Girshick and
               Ali Farhadi},
  title     = {You Only Look Once: Unified, Real-Time Object Detection},
  booktitle = {2016 {IEEE} Conference on Computer Vision and Pattern Recognition,
               {CVPR} 2016, Las Vegas, NV, USA, June 27-30, 2016},
  pages     = {779--788},
  year      = {2016},
  crossref  = {DBLP:conf/cvpr/2016},
  url       = {https://doi.org/10.1109/CVPR.2016.91},
  doi       = {10.1109/CVPR.2016.91},
  timestamp = {Thu, 25 May 2017 00:41:24 +0200},
  biburl    = {https://dblp.org/rec/bib/conf/cvpr/RedmonDGF16},
  bibsource = {dblp computer science bibliography, https://dblp.org}
}

@article{DenseNets,
  author    = {Gao Huang and
               Zhuang Liu and
               Kilian Q. Weinberger},
  title     = {Densely Connected Convolutional Networks},
  journal   = {CoRR},
  volume    = {abs/1608.06993},
  year      = {2016},
  url       = {http://arxiv.org/abs/1608.06993},
  archivePrefix = {arXiv},
  eprint    = {1608.06993},
  timestamp = {Wed, 07 Jun 2017 14:42:40 +0200},
  biburl    = {https://dblp.org/rec/bib/journals/corr/HuangLW16a},
  bibsource = {dblp computer science bibliography, https://dblp.org}
}

@book{norton2007through,
  title={Through the eyes of a child: An introduction to children's literature},
  author={Norton, Donna E and Norton, Saundra E and McClure, Amy A},
  year={2007},
  publisher={Pearson Merrill Prentice Hall Upper Saddle River, NJ}
}

@INPROCEEDINGS{Deconv, 
author={M. D. Zeiler and D. Krishnan and G. W. Taylor and R. Fergus}, 
booktitle={2010 IEEE Computer Society Conference on Computer Vision and Pattern Recognition}, 
title={Deconvolutional networks}, 
year={2010}, 
volume={}, 
number={}, 
pages={2528-2535}, 
keywords={deconvolution;image representation;deconvolutional networks;edge primitives;feature detectors;image representations;images synthesis;pool edge information;Computer architecture;Convolution;Decoding;Feature extraction;Filters;Image edge detection;Image representation;Image restoration;Object recognition;Robustness}, 
doi={10.1109/CVPR.2010.5539957}, 
ISSN={1063-6919}, 
month={June},}


@article{ExciteNeuron,
  author    = {Ross B. Girshick and
               Jeff Donahue and
               Trevor Darrell and
               Jitendra Malik},
  title     = {Rich feature hierarchies for accurate object detection and semantic
               segmentation},
  journal   = {CoRR},
  volume    = {abs/1311.2524},
  year      = {2013},
  url       = {http://arxiv.org/abs/1311.2524},
  archivePrefix = {arXiv},
  eprint    = {1311.2524},
  timestamp = {Wed, 07 Jun 2017 14:43:00 +0200},
  biburl    = {https://dblp.org/rec/bib/journals/corr/GirshickDDM13},
  bibsource = {dblp computer science bibliography, https://dblp.org}
}

@article{t-SNE,
  title={Visualizing data using t-SNE},
  author={Maaten, Laurens van der and Hinton, Geoffrey},
  journal={Journal of machine learning research},
  volume={9},
  number={Nov},
  pages={2579--2605},
  year={2008}
}


@article{ClassSaliency,
  author    = {Karen Simonyan and
               Andrea Vedaldi and
               Andrew Zisserman},
  title     = {Deep Inside Convolutional Networks: Visualising Image Classification
               Models and Saliency Maps},
  journal   = {CoRR},
  volume    = {abs/1312.6034},
  year      = {2013},
  url       = {http://arxiv.org/abs/1312.6034},
  archivePrefix = {arXiv},
  eprint    = {1312.6034},
  timestamp = {Wed, 07 Jun 2017 14:42:21 +0200},
  biburl    = {https://dblp.org/rec/bib/journals/corr/SimonyanVZ13},
  bibsource = {dblp computer science bibliography, https://dblp.org}
}

@article{LiveCNNVis,
  author    = {Jason Yosinski and
               Jeff Clune and
               Anh Mai Nguyen and
               Thomas J. Fuchs and
               Hod Lipson},
  title     = {Understanding Neural Networks Through Deep Visualization},
  journal   = {CoRR},
  volume    = {abs/1506.06579},
  year      = {2015},
  url       = {http://arxiv.org/abs/1506.06579},
  archivePrefix = {arXiv},
  eprint    = {1506.06579},
  timestamp = {Wed, 07 Jun 2017 14:41:50 +0200},
  biburl    = {https://dblp.org/rec/bib/journals/corr/YosinskiCNFL15},
  bibsource = {dblp computer science bibliography, https://dblp.org}
}

@article{Perturbations,
  author    = {Ruth Fong and
               Andrea Vedaldi},
  title     = {Interpretable Explanations of Black Boxes by Meaningful Perturbation},
  journal   = {CoRR},
  volume    = {abs/1704.03296},
  year      = {2017},
  url       = {http://arxiv.org/abs/1704.03296},
  archivePrefix = {arXiv},
  eprint    = {1704.03296},
  timestamp = {Wed, 07 Jun 2017 14:40:05 +0200},
  biburl    = {https://dblp.org/rec/bib/journals/corr/FongV17},
  bibsource = {dblp computer science bibliography, https://dblp.org}
}

@article{CAM,
  title={Learning Deep Features for Discriminative Localization},
  author={Bolei Zhou and Aditya Khosla and {\`A}gata Lapedriza and Aude Oliva and Antonio Torralba},
  journal={2016 IEEE Conference on Computer Vision and Pattern Recognition (CVPR)},
  year={2016},
  pages={2921-2929}
}

@INPROCEEDINGS{GCAM, 
author={R. R. Selvaraju and M. Cogswell and A. Das and R. Vedantam and D. Parikh and D. Batra}, 
booktitle={2017 IEEE International Conference on Computer Vision (ICCV)}, 
title={Grad-CAM: Visual Explanations from Deep Networks via Gradient-Based Localization}, 
year={2017}, 
volume={}, 
number={}, 
pages={618-626}, 
doi={10.1109/ICCV.2017.74}, 
ISSN={}, 
month={Oct},}

@article{SingleNeuron,
  title={Visualizing higher-layer features of a deep network},
  author={Erhan, Dumitru and Bengio, Yoshua and Courville, Aaron and Vincent, Pascal},
  journal={University of Montreal},
  volume={1341},
  number={3},
  pages={1},
  year={2009}
}


@article{distill1,
  title={Feature Visualization},
  author={Olah, Chris and Mordvintsev, Alexander and Schubert, Ludwig},
  journal={Distill},
  volume={2},
  number={11},
  pages={e7},
  year={2017}
}

@article{distill2,
  title={The Building Blocks of Interpretability},
  author={Olah, Chris and Satyanarayan, Arvind and Johnson, Ian and Carter, Shan and Schubert, Ludwig and Ye, Katherine and Mordvintsev, Alexander},
  journal={Distill},
  volume={3},
  number={3},
  pages={e10},
  year={2018}
}

@article{SemanticCNN,
  author    = {Abel Gonzalez{-}Garcia and
               Davide Modolo and
               Vittorio Ferrari},
  title     = {Do semantic parts emerge in Convolutional Neural Networks?},
  journal   = {CoRR},
  volume    = {abs/1607.03738},
  year      = {2016},
  url       = {http://arxiv.org/abs/1607.03738},
  archivePrefix = {arXiv},
  eprint    = {1607.03738},
  timestamp = {Wed, 07 Jun 2017 14:42:35 +0200},
  biburl    = {https://dblp.org/rec/bib/journals/corr/Gonzalez-Garcia16},
  bibsource = {dblp computer science bibliography, https://dblp.org}
}

@InProceedings{Pascal_part,
 author       = {Xianjie Chen and Roozbeh Mottaghi and Xiaobai Liu and Sanja Fidler and Raquel Urtasun and Alan Yuille},
 title        = {Detect What You Can: Detecting and Representing Objects using Holistic Models and Body Parts},
 booktitle    = {IEEE Conference on Computer Vision and Pattern Recognition (CVPR)},
 year         = {2014},
}

@misc{pascal-voc-2010,
	author = "Everingham, M. and Van~Gool, L. and Williams, C. K. I. and Winn, J. and Zisserman, A.",
	title = "The {PASCAL} {V}isual {O}bject {C}lasses {C}hallenge 2010 {(VOC2010)} {R}esults",
	howpublished = "http://www.pascal-network.org/challenges/VOC/voc2010/workshop/index.html"}
    
    
@article{SemanticScene,
  author    = {Haifeng Li and
               Jian Peng and
               Chao Tao and
               Jie Chen and
               Min Deng},
  title     = {What do We Learn by Semantic Scene Understanding for Remote Sensing
               imagery in {CNN} framework?},
  journal   = {CoRR},
  volume    = {abs/1705.07077},
  year      = {2017},
  url       = {http://arxiv.org/abs/1705.07077},
  archivePrefix = {arXiv},
  eprint    = {1705.07077},
  timestamp = {Wed, 07 Jun 2017 14:41:21 +0200},
  biburl    = {https://dblp.org/rec/bib/journals/corr/LiPTCD17},
  bibsource = {dblp computer science bibliography, https://dblp.org}
}

%Brain and CNN Citations

@article{BrainCNN1,
  title={Comparison of deep neural networks to spatio-temporal cortical dynamics of human visual object recognition reveals hierarchical correspondence},
  author={Cichy, Radoslaw Martin and Khosla, Aditya and Pantazis, Dimitrios and Torralba, Antonio and Oliva, Aude},
  journal={Scientific reports},
  volume={6},
  pages={27755},
  year={2016},
  publisher={Nature Publishing Group}
}

@article{BrainCNN2,
  title={Neural encoding and decoding with deep learning for dynamic natural vision},
  author={Wen, Haiguang and Shi, Junxing and Zhang, Yizhen and Lu, Kun-Han and Cao, Jiayue and Liu, Zhongming},
  journal={Cerebral Cortex},
  pages={1--25},
  year={2017}
}


@article{BrainCNN3,
  title={Generic decoding of seen and imagined objects using hierarchical visual features},
  author={Horikawa, Tomoyasu and Kamitani, Yukiyasu},
  journal={Nature communications},
  volume={8},
  pages={15037},
  year={2017},
  publisher={Nature Publishing Group}
}

@article{ukWaC,
  title={Building a very large corpus of English obtained by Web crawling: ukWaC},
  author={Ferraresi, Adriano},
  journal={Unpublished masterâs thesis, University of Bologna, Italy},
  year={2007}
}

@article{WaCky,
  title={The WaCky wide web: a collection of very large linguistically processed web-crawled corpora},
  author={Baroni, Marco and Bernardini, Silvia and Ferraresi, Adriano and Zanchetta, Eros},
  journal={Language resources and evaluation},
  volume={43},
  number={3},
  pages={209--226},
  year={2009},
  publisher={Springer}
}

@inproceedings{MEN,
  title={Distributional semantics in technicolor},
  author={Bruni, Elia and Boleda, Gemma and Baroni, Marco and Tran, Nam-Khanh},
  booktitle={Proceedings of the 50th Annual Meeting of the Association for Computational Linguistics: Long Papers-Volume 1},
  pages={136--145},
  year={2012},
  organization={Association for Computational Linguistics}
}

@inproceedings{WS-353,
  title={Placing search in context: The concept revisited},
  author={Finkelstein, Lev and Gabrilovich, Evgeniy and Matias, Yossi and Rivlin, Ehud and Solan, Zach and Wolfman, Gadi and Ruppin, Eytan},
  booktitle={Proceedings of the 10th international conference on World Wide Web},
  pages={406--414},
  year={2001},
  organization={ACM}
}

@inproceedings{agirre2009study,
  title={A study on similarity and relatedness using distributional and wordnet-based approaches},
  author={Agirre, Eneko and Alfonseca, Enrique and Hall, Keith and Kravalova, Jana and Pa{\c{s}}ca, Marius and Soroa, Aitor},
  booktitle={Proceedings of Human Language Technologies: The 2009 Annual Conference of the North American Chapter of the Association for Computational Linguistics},
  pages={19--27},
  year={2009},
  organization={Association for Computational Linguistics}
}

@article{RC65,
  title={Contextual correlates of synonymy},
  author={Rubenstein, Herbert and Goodenough, John B},
  journal={Communications of the ACM},
  volume={8},
  number={10},
  pages={627--633},
  year={1965},
  publisher={ACM}
}

@article{miller1991contextual,
  title={Contextual correlates of semantic similarity},
  author={Miller, George A and Charles, Walter G},
  journal={Language and cognitive processes},
  volume={6},
  number={1},
  pages={1--28},
  year={1991},
  publisher={Taylor \& Francis}
}

@inproceedings{radinsky2011word,
  title={A word at a time: computing word relatedness using temporal semantic analysis},
  author={Radinsky, Kira and Agichtein, Eugene and Gabrilovich, Evgeniy and Markovitch, Shaul},
  booktitle={Proceedings of the 20th international conference on World wide web},
  pages={337--346},
  year={2011},
  organization={ACM}
}

@inproceedings{halawi2012large,
  title={Large-scale learning of word relatedness with constraints},
  author={Halawi, Guy and Dror, Gideon and Gabrilovich, Evgeniy and Koren, Yehuda},
  booktitle={Proceedings of the 18th ACM SIGKDD international conference on Knowledge discovery and data mining},
  pages={1406--1414},
  year={2012},
  organization={ACM}
}

@article{hill2015simlex,
  title={Simlex-999: Evaluating semantic models with (genuine) similarity estimation},
  author={Hill, Felix and Reichart, Roi and Korhonen, Anna},
  journal={Computational Linguistics},
  volume={41},
  number={4},
  pages={665--695},
  year={2015},
  publisher={MIT Press}
}
@book{yang2006verb,
  title={Verb similarity on the taxonomy of WordNet},
  author={Yang, Dongqiang and Powers, David Martin},
  year={2006},
  publisher={Masaryk University}
}

@inproceedings{luong2013better,
  title={Better word representations with recursive neural networks for morphology},
  author={Luong, Thang and Socher, Richard and Manning, Christopher},
  booktitle={Proceedings of the Seventeenth Conference on Computational Natural Language Learning},
  pages={104--113},
  year={2013}
}

@inproceedings{faruqui2014community,
  title={Community evaluation and exchange of word vectors at wordvectors. org},
  author={Faruqui, Manaal and Dyer, Chris},
  booktitle={Proceedings of 52nd Annual Meeting of the Association for Computational Linguistics: System Demonstrations},
  pages={19--24},
  year={2014}
}

@InProceedings{W16-2506,
  author = 	"Faruqui, Manaal
		and Tsvetkov, Yulia
		and Rastogi, Pushpendre
		and Dyer, Chris",
title ="Problems With Evaluation of Word Embeddings Using Word Similarity Tasks",
  booktitle = 	"Proceedings of the 1st Workshop on Evaluating Vector-Space Representations for NLP     ",
  year = 	"2016",
  publisher = 	"Association for Computational Linguistics",
  pages = 	"30--35",
  location = 	"Berlin, Germany",
  doi = 	"10.18653/v1/W16-2506",
  url = 	"http://www.aclweb.org/anthology/W16-2506"
}

@inproceedings{Image1,
 author = {Fung, Cheong Yiu and Loe, Kai Fock},
 title = {Learning Primitive and Scene Semantics of Images for Classification and Retrieval},
 booktitle = {Proceedings of the Seventh ACM International Conference on Multimedia (Part 2)},
 series = {MULTIMEDIA '99},
 year = {1999},
 isbn = {1-58113-239-5},
 location = {Orlando, Florida, USA},
 pages = {9--12},
 numpages = {4},
 url = {http://doi.acm.org.ezproxy.library.uvic.ca/10.1145/319878.319881},
 doi = {10.1145/319878.319881},
 acmid = {319881},
 publisher = {ACM},
 address = {New York, NY, USA},
 keywords = {image retrieval, image semantics, machine learning},
} 

@inproceedings{fan2005learning,
  title={Learning the semantics of images by using unlabeled samples},
  author={Fan, Jianping and Luo, Hangzai and Gao, Yuli},
  booktitle={Computer Vision and Pattern Recognition, 2005. CVPR 2005. IEEE Computer Society Conference on},
  volume={2},
  pages={704--710},
  year={2005},
  organization={IEEE}
}

@inproceedings{mori1999image,
  title={Image-to-word transformation based on dividing and vector quantizing images with words},
  author={Mori, Yasuhide and Takahashi, Hironobu and Oka, Ryuichi},
  booktitle={First International Workshop on Multimedia Intelligent Storage and Retrieval Management},
  year={1999},
  organization={Citeseer}
}

@inproceedings{jin2004semi,
  title={A semi-naive bayesian method incorporating clustering with pair-wise constraints for auto image annotation},
  author={Jin, Wanjun and Shi, Rui and Chua, Tat-Seng},
  booktitle={Proceedings of the 12th annual ACM international conference on Multimedia},
  pages={336--339},
  year={2004},
  organization={ACM}
}

@inproceedings{feng2003bootstrapping,
  title={A bootstrapping approach to annotating large image collection},
  author={Feng, HuaMin and Chua, Tat-Seng},
  booktitle={Proceedings of the 5th ACM SIGMM international workshop on Multimedia information retrieval},
  pages={55--62},
  year={2003},
  organization={ACM}
}

@inproceedings{shyu2000relevance,
  title={Relevance feedback decision trees in content-based image retrieval},
  author={Shyu, Chi-Ren and others},
  booktitle={Content-based Access of Image and Video Libraries, 2000. Proceedings. IEEE Workshop on},
  pages={68--72},
  year={2000},
  organization={IEEE}
}
@article{osgood1965cross,
  title={Cross-cultural comparability in attitude measurement via multilingual semantic differentials},
  author={Osgood, Charles E},
  journal={Current studies in social psychology},
  pages={95--107},
  year={1965},
  publisher={Holt, Rinehart, and Winston New York}
}

@article{LSA,
  title={A solution to Plato's problem: The latent semantic analysis theory of acquisition, induction, and representation of knowledge.},
  author={Landauer, Thomas K and Dumais, Susan T},
  journal={Psychological review},
  volume={104},
  number={2},
  pages={211},
  year={1997},
  publisher={American Psychological Association}
}


@article{LDA,
  title={Latent dirichlet allocation},
  author={Blei, David M and Ng, Andrew Y and Jordan, Michael I},
  journal={Journal of machine Learning research},
  volume={3},
  number={Jan},
  pages={993--1022},
  year={2003}
}

@article{bengio2003neural,
  title={A neural probabilistic language model},
  author={Bengio, Yoshua and Ducharme, R{\'e}jean and Vincent, Pascal and Jauvin, Christian},
  journal={Journal of machine learning research},
  volume={3},
  number={Feb},
  pages={1137--1155},
  year={2003}
}

@inproceedings{collobert2008unified,
  title={A unified architecture for natural language processing: Deep neural networks with multitask learning},
  author={Collobert, Ronan and Weston, Jason},
  booktitle={Proceedings of the 25th international conference on Machine learning},
  pages={160--167},
  year={2008},
  organization={ACM}
}

@article{graff2003english,
  title={English gigaword},
  author={Graff, David and Kong, Junbo and Chen, Ke and Maeda, Kazuaki},
  journal={Linguistic Data Consortium, Philadelphia},
  volume={4},
  pages={1},
  year={2003}
}

@inproceedings{TemporalDynamics,
  title={Studying the Temporal Dynamics of Word Co-occurrences: An Application to Event Detection.},
  author={Preotiuc-Pietro, Daniel and Srijith, PK and Hepple, Mark and Cohn, Trevor},
  booktitle={LREC},
  year={2016}
}

@article{nobre1994word,
  title={Word recognition in the human inferior temporal lobe},
  author={Nobre, Anna C and Allison, Truett and McCarthy, Gregory},
  journal={Nature},
  volume={372},
  number={6503},
  pages={260},
  year={1994},
  publisher={Nature Publishing Group}
}

@article{simpson1989oxford,
  title={Oxford English dictionary online},
  author={Simpson, John and Weiner, Edmund SC and others},
  journal={Oxford: Clarendon Press. Retrieved March},
  volume={6},
  pages={2008},
  year={1989}
}

@article{mohammad2013crowdsourcing,
  title={Crowdsourcing a word--emotion association lexicon},
  author={Mohammad, Saif M and Turney, Peter D},
  journal={Computational Intelligence},
  volume={29},
  number={3},
  pages={436--465},
  year={2013},
  publisher={Wiley Online Library}
}

@misc{ wiki:xxx,
    author = "{Wikipedia contributors}",
    title = "Noun --- {Wikipedia}{,} The Free Encyclopedia",
    year = "2018",
    url = "https://en.wikipedia.org/w/index.php?title=Noun&oldid=835568408",
    note = "[Online; accessed 17-April-2018]"
  }
  
  
  
@book{Goodfellow,
 author = {Goodfellow, Ian and Bengio, Yoshua and Courville, Aaron},
 title = {Deep Learning},
 year = {2016},
 isbn = {0262035618, 9780262035613},
 publisher = {The MIT Press},
} 
  
@article{stone1974cross,
  title={Cross-validatory choice and assessment of statistical predictions},
  author={Stone, Mervyn},
  journal={Journal of the royal statistical society. Series B (Methodological)},
  pages={111--147},
  year={1974},
  publisher={JSTOR}
}